@article{hollenbach,
    author  = {{Uwe Hollenbach}},
    title   = {{Hydrodynamische Optimierung von Schiffsformen}},
    journal = {Schiffen und Hafen},
    volume  = {9},
    year    = {2010},
    pages   = {108},
}
 
 @Misc{BP,
    author = {{BP}},
    title = {{Entwicklung der zeitgenössischen Jahresdurchschnittspreise von Rohöl im Zeitraum von 1861 bis 2011 (in US-Dollar je Barrel)}},
    howpublished = {www.statista.de},
    year = {2013},
}

 @Misc{IHS,
    author = {{IHS Fairplay}},
    title = {{Kapazitäten von Containerschiffen im Weltseehandel in den Jahren 1980 bis 2012 (in Millionen dwt}},
    howpublished = {www.statista.de},
    year = {2013},
}
 
@Book{Boese1970,
    author = {{Peter Boese}},
    title = {{Eine einfache Methode zur Berechnung der Widerstandserhöhung eines Schiffes im Seegang}},
    publisher = {SCHRIFTENREIHE SCHIFFBAU, TUHH},
    number = {Nr.170},
    year = {1970},
}

@Techreport{MSSO,
   AUTHOR={{Matulja; Sportelli; Soares; Prpi\'{c} - Or\v{s}i\'{c}}},
   TITLE={{Estimation of Added Resistance of a Ship in Regular Waves }},
   INSTITUTION={BrodoGrandnja},
   publisher = {online: 18.06.2013; http://hrcak.srce.hr/index.php?show=clanak&id_clanak_jezik=107562},
   year = {Januar 2009},

}
@Misc{Zakaria,
   author = {{Zakaria and Baree}},
   title = {{Alternative Methods on Added Resistance ofShips in Regular Head Waves}},
   howpublished = {$online: 18.06.2013; http://dspace.unimap.edu.my/dspace/bitstream/123456789/13668/1/015-022_Alternatic\%20Methods\%204pp.pdf$},
   year = {2007},
} 

@Techreport{Alex2009,
   AUTHOR={{Martin Alexanderson}},
   TITLE={{Astudy of Methods to Ppredict Added Resistance In Waves}},
   INSTITUTION={KTH Centre for Naval Architecture},
   TYPE={Master Thesis},
   publisher = {$online: 18.06.2013; http://www.kth.se/polopoly_fs/1.151543!/Menu/general/column-content/attachment/Alexandersson.pdf$},
   year = {Januar 2009},
  }

@Book{Khiatani1985,
 author = {{M.R. Khiatani}},
 title = {{Der Einfluß des Zusatzwiderstandes durch Seegang und Wind auf den Schiffsentwurf}},
 pages = {4},
 publisher = {SCHRIFTENREIHE SCHIFFBAU, TUHH},
 number = {Nr.463},
 year = {1985},
}

@Book{Lloyd1989,
 author = {{A.R.J.Lloyd}},
 title = {{Seakeeping - ship behavior in rough weather}},
 publisher = {Ellis Horwood Limited},
 year = {1989},
}

@Book{SRP2011,
 author = {{A.Molland and St.Turnock and D.Hudson}},
 title = {{Ship Resistance and Propulsion}},
 publisher = {Cambridge University Press},
 year = {2011},
}

@Book{Skluth1998,
 author = {{Herbert Schneekluth}},
 title = {{Ship design for efficiency and economy}},
 publisher = {Butterworth-Heinemann Oxfort},
 number = {2. Auflage},
 year = {1998},
}

@Misc{ISO2002,
   author = {{ISO}},
   title = {{Ships and Marine Technology - Guidlines for the assessment of speed and power performance by analysis od speed trail data}},
   howpublished = {ISO copyright office},
   year = {2002},
} 

@Techreport{23ITTC,
   AUTHOR={{23rd ITTC Specialist Committee}},
   TITLE={{The Specialist Committee on Waves - Final Report and Recommendations to the 23rd ITTC}},
   INSTITUTION={23rd International Towing Tank Conference},
   publisher = {online: 05.06.2003; http://ittc.sname.org/proc23/Waves.pdf},
   year = {2002},
  }

@article{Nowacki,
  author = {{Horst Nowacki}},
  title = {{Zur Entwicklung der Schiffshydodynamik im 20. Jahrhundert}},
  journal = {100 Jahre Schiffbautechnische Gesellschaft},
  year    = {1999},
}

@TECHREPORT{Bewuchs,
   AUTHOR={{Kätscher, Ranke und Bergenthal}},
   TITLE={{Vorstudie zum Bewuchsschutz für Seeschiffe}},
   INSTITUTION={Studie im im Auftrag des Senators für Frauen, Gesundheit, Jugend, Soziales und Umweltschutz der Freien Hansestadt Bremen},
   MONTH={Jan},
   YEAR={1999},
   publisher = {online: 01.08.2003; http://chem.uft.uni-bremen.de/ranke/docs/Vorstudie_AF_Zus_UFT_marum.pdf},
}

@Techreport{Haakenstad2012,
   AUTHOR={{Katharina Haakenstad}},
   TITLE={{Analysis and correction of sea trials}},
   INSTITUTION={NTNU Trondheim},
   TYPE={Master Thesis},
   publisher = {$online: 01.08.2013; http://daim.idi.ntnu.no/masteroppgaver/007/7958/masteroppgave.pdf},
   year = {Juni 2012},
}
@Techreport{ITTCRPG,
   AUTHOR={{ITTC}},
   TITLE={{ITTC – RecommendedProcedures and Guidelines}},
   chapter = {Speed and Power Trials, Part 2, Analysis of Speed/Power Trial Data 7.5-04-01-01.2},
   INSTITUTION={International Towing Tank Conference},
   publisher = {online: 18.06.2013; http://ittc.sname.org/7%205-04-01-01.2%20Analysis%20of%20speed%20power%20trial%20data.pdf},
   year = {2012},
  }